@article{Kui86,
  key      ={Kuipers},
  author   ={Benjamin Kuipers},
  title    ={{Qualitative Simulation}},
  journal  ={Artificial Intelligence},
  year     ={1986},
  volume   ={29},
  pages    ={289-338},
  institution=utexas,
  keywords ={QSIM}
}

@article{Bramberger_Computer2006,
  author   = {Michael Bramberger and Andreas Doblander and Arnold Maier
and Bernhard Rinner and Helmut Schwabach},
  title    = {{Distributed Embedded Smart Cameras for Surveillance 
Applications}},
  journal  = {Computer},
  volume   ={39},
  number   = {2},
  year      = {2006},
  pages     ={68-75},
  month     = feb,
  publisher ={IEEE},
  url      = {http://www.iti.tu-graz.ac.at/download/publications/bramberger06_ab.txt},
  postscript={http://www.iti.tu-graz.ac.at/download/publications/bramberger06.pdf}
}

@inproceedings{Bramberger_RTAS2004,
  author   = {Michael Bramberger and Josef Brunner and Bernhard Rinner and Helmut Schwabach},
  title    = {{Real-Time Video Analysis on an Embedded Smart Camera for Traffic Surveillance}},
  booktitle = {Proceedings of the 10th IEEE Real-Time and Embedded Technology and Applications Symposium (RTAS 2004)},
  year      = {2004},
  pages     ={174-181},
  month     = may,
  address  = {Toronto, Canada}
}

@book{Patterson2006,
  author = {David A. Patterson and John L. Hennessy},
  title = {{Computer Architecture: A Quantitative Approach}},
  publisher = {Morgan Kaufmann}, 
  address = {San Francisco CA},
  year = {2006}
}

@book{Day2006,
  author = {Robert Day and Barbara Gastel},
  title = {{How to Write \& Publish a Scientific Paper}},
  publisher = {B\&T},
  ISBN ={0313330409}, 
  year = {2006}
}
@proceedings{Aghajan_ICDSC2007,
  editor   = {Hamid Aghajan and Richard Kleihorst},
  title    = {{Proceedings of the ACM/IEEE International Conference on
Distributed Smart Cameras (ICDSC 06)}},
  year      = {2007},
  pages     = {},
  month     = sep,
  address   = {Vienna, Austria}
}

@misc{weinelt,
  author = {J{\"u}rgen Weinelt},
  title = {{Der LaTeX Index -- Eine Befehls{\"u}bersicht im World Wide Web}},
  howpublished = {\url{http://www.weinelt.de/latex}},
  note = {[last visited, Feb. 12, 2008]}
}
 